
software{noauthor_lena_2018,
	title = {{LENA} Research Foundation},
	url = {https://www.lena.org/},
	date = {2018},
}
